@Book{pressman,
  Author         = {Roger Pressman},
  Title          = {Software Engineering: A Practitioner's Approach},
  Publisher      = {McGraw-Hill Science/Engineering/Math},
  address        = {New York},
  year           = {2009}
}

%------------------------------------------------------------------------------------------------------------
@Book{Sommer08,
  AUTHOR =       "Sommerville, I.",
  TITLE =        "Engenharia de Software",
  YEAR =         "2008",
  publisher =    "Pearson--Addison Wesley",
  address=       "São Paulo",
  edition="8ª Edição"
}

@Book{freedman_weinberg,
 Author = {Daniel P. Freedman and Gerald M. Weinberg},
 Title = {Handbook of Walkthroughs, Inspections, and Technical Reviews: Evaluating Programs, Projects, and Products},
address = {New York},
 Publisher = { Dorset House Publishing Company},
 year = {1990}
}

@inproceedings{Scatalon11,
  author    = {Lilian Passos Scatalon and Rogerio Eduardo Garcia and Ronaldo Celso Messias Correia},
  title = {Packaging Controlled Experiments Using an Evolutionary Approach Based on Ontology},
  booktitle = {International Conference on Software Engineering and Knowledge Engineering {(SEKE 2011)}},
  pages = {408-413},
  year = {2011}
}


@misc{Rodrigues:2002,
   author={E. M. Rodrígues},
   note={Metadados y recuperación de información: estandares, problemas y aplicabilidad en bibliotecas digitales. Gijón: Trea, 429 p.},
  year={2002}
}


@misc{GUY:2006,
author={GUY, M.},
note={Interoperability focus: looking at interoperability. Ukoln, 2006. Disponível em: <http://www.ukoln.ac.uk/interop-focus/about/leaflet.html>. Accessado em 14 de março},
year={2015}
}

@book{Foulonneau:2008,
 author = {Foulonneau, Muriel and Riley, Jenn},
 title = {Metadata for Digital Resources: Implementation, Systems Design and Interoperability},
 year = {2008},
 isbn = {1843343029, 9781843343028},
 publisher = {Chandos Publishing (Oxford)}
} 


@Book{Wohlin2012,
  author={Wohlin, C and Runeson, P and Host, M and Ohlsson, MC and Regnell, B and Wesslen, A},
  title = {Experimentation in Software Engineering: An introduction},
  year = {2012},
  publisher = {Kluwer Academic Publishers},
  address = {Boston, USA}
}

@misc{Scatalon13,
 author = {Lilian Passos Scatalon},
 title = {Empacotamento de Experimentos Controlados em Engenharia de Software: Uma Abordagem Baseada em Ontologia},
 note = {Dissertação de Mestrado, Programa de Pós-Graduação em Ciência da Computação -- UNESP},
 year = {2013}
}

@inproceedings{Garcia08,
  author = {Rog{\'e}rio Eduardo Garcia and Erika Nina H{\"o}hn and Ellen Francine Barbosa and Jos{\'e} Carlos Maldonado},
  booktitle = {Int. Conf. Software Engineering and Knowledge Engineering },
  pages = {685-690},
  publisher = {Knowledge Systems Institute Graduate School},
  title = {An Ontology for Controlled Experiments on Software Engineering},
  year = {2008}
}

@inproceedings{Pucci2014,
  author = {Joao {Pucci Neto} and Lilian Passos Scatalon and  Rog{\'e}rio Eduardo Garcia and  Ronaldo Celso Messias Correia and  Celso Olivete Junior},
  title = {ExpTool: a Tool to Conduct, Package and Replicate Controlled Experiments in Software Engineering},
  booktitle = {Proc. 12th. Int. Conf. on Software Engineering Research and Practice},
  year = {2014},
  note={Disponível em http://worldcomp-proceedings.com/proc/p2014/SER7199.pdf}
}

@book{Nilsson2010,
    author = {Nilsson, Mikael},
    isbn = {978-91-7415-800-7},
    issn = {1653-5723},
    location = {Stockholm},
    pages = {x, 125+},
    publisher = {KTH},
    title = {{From Interoperability to Harmonization in Metadata Standardization : Designing an Evolvable Framework for Metadata Harmonization}},
    url = {http://urn.kb.se/resolve?urn=urn:nbn:se:kth:diva-26057},
    year = {2010}
}


@Misc{OWLGuide,
  author = {W3C},
  title  ={{W3C Recommendation. OWL Web Ontology Language Guide}},
  year = {2004},
  howpublished = {Available at http://www.w3.org/TR/owl-guide}

}
%--------------------------------------------------------------------------------------------------------

@Misc{OWLSemantics,
  author = {W3C},
  title  ={{W3C Recommendation. OWL Web Ontology Language Semantics and Abstract Syntax}},
  year = {2004},
  howpublished = {Available at http://www.w3.org/TR/owl-semantics}
}

%--------------------------------------------------------------------------------------------------------

@Misc{OWL2Syntax,
  author = {W3C},
  title  ={{W3C Recommendation. OWL Web Ontology Language Structural Specification and Functional-Style Syntax}},
  year = {2009},
  howpublished = {Available at http://www.w3.org/TR/owl2-syntax}
}

@book{Larman:2004,
 author = {Larman, Craig},
 title = {Applying UML and Patterns: An Introduction to Object-Oriented Analysis and Design and Iterative Development},
 year = {2004},
 isbn = {0131489062},
 publisher = {Prentice Hall},
 address = {Upper Saddle River, NJ, USA},
}
@article{Miller:2005,
 author = {Miller, James},
 title = {Replicating Software Engineering Experiments: A Poisoned Chalice or the Holy Grail},
 journal = {Inf. Softw. Technol.},
 issue_date = {March, 2005},
 volume = {47},
 number = {4},
 month = mar,
 year = {2005},
 issn = {0950-5849},
 pages = {233--244},
 numpages = {12},
 url = {http://dx.doi.org/10.1016/j.infsof.2004.08.005},
 doi = {10.1016/j.infsof.2004.08.005},
 acmid = {1709749},
 publisher = {Butterworth-Heinemann},
 address = {Newton, MA, USA},
 keywords = {Empirical values, Real world settings, Software engineer}
} 


@article{Basili99,
  author    = {Victor R. Basili and
               Forrest Shull and
               Filippo Lanubile},
  title     = {Building Knowledge through Families of Experiments},
  journal   = {IEEE Transactions on Software Engineering},
  volume    = {25},
  number    = {4},
  year      = {1999},
  pages     = {456-473},
  ee        = {http://computer.org/tse/ts1999/e0456abs.htm},
  bibsource = {DBLP, http://dblp.uni-trier.de}
}

%-------------------------------------------------------------------------------------------------------- 

@TechReport{Travassos02,
  author = {Travassos, G. H. and Gurov, D. and Amaral, E. A. G},
  title={Introdu{\c{c}}{\~a}o {\`a} engenharia de software experimental},
  year = {2002},
  institution = {COPPE/UFRJ}
}

%-------------------------------------------------------------------------------------------------------- 

@inproceedings{Carver2010,
  author    = {Jeffrey C. Carver},
  title     = {Towards Reporting Guidelines for Experimental Replications: A Proposal},
  booktitle = {International Workshop on Replication in Empirical Software Engineering Research {(RESER)}},
  year      = {2010}
}

%-------------------------------------------------------------------------------------------------------- 

@inproceedings{Mendonca08,
  author    = {Manoel Gomes de Mendonça and
               Jos{\'e} Carlos Maldonado and
               Maria Cristina Ferreira de Oliveira and
               Jeffrey Carver and
               Sandra Camargo Pinto Ferraz Fabbri and
               Forrest Shull and
               Guilherme Horta Travassos and
               Erika Nina Hohn and
               Victor R. Basili},
  title     = {A Framework for Software Engineering Experimental Replications},
  booktitle = {ICECCS},
  year      = {2008},
  pages     = {203-212},
  ee        = {http://dx.doi.org/10.1109/ICECCS.2008.38},
  bibsource = {DBLP, http://dblp.uni-trier.de}
}

@PhdThesis{Garcia06,
  author = {Rogerio Eduardo Garcia},
  title={VIDAese: processo de visualiza{\c{c}}{\~a}o explorat{\'o}ria para apoio a estudos emp{\'\i}ricos em verifica{\c{c}}{\~a}o, valida{\c{c}}{\~a}o e teste de software},
  author={Garcia, Rog{\'e}rio Eduardo},
    school = {Instituto de Ci{\^e}ncias Matem{\'a}ticas e de Computa{\c{c}}{\~a}o {(ICMC-USP)}},
  year = {2006}
}

@Misc{Shull02,
  author    = {Forrest Shull and Victor R. Basili and Jeffrey Carver and José Carlos Maldonado and Guilherme Horta Travassos and
               Manoel G. Mendonça and Sandra Camargo Pinto Ferraz Fabbri},
  title     = {Replicating Software Engineering Experiments: Addressing the Tacit Knowledge Problem},
  booktitle = {ISESE},
  year      = {2002},
  pages     = {7-16},
  ee        = {http://doi.ieeecomputersociety.org/10.1109/ISESE.2002.1166920},
  bibsource = {DBLP, http://dblp.uni-trier.de}
}

@incollection{Shull03,
 author = {Shull, Forrest and Carver, Jeffrey and Travassos, Guilherme H. and Maldonado, Jos{\'e} Carlos and Conradi, Reidar and Basili, Victor R.},
 title = {Replicated studies: building a body of knowledge about software reading techniques},
 booktitle = {Lecture notes on empirical software engineering},
 year = {2003},
 pages = {39--84},
 numpages = {46},
 publisher = {World Scientific Publishing Co., Inc.},
 address = {River Edge, NJ, USA}
}


@article{Kitchenham2008,
 author = {Kitchenham, Barbara},
 title = {The role of replications in empirical software engineering--a word of warning},
 journal = {Empirical Software Engineering},
 volume = {13},
 number = {2},
 year = {2008},
 issn = {1382-3256},
 pages = {219--221},
 numpages = {3},
 publisher = {Kluwer Academic Publishers},
 address = {Hingham, MA, USA}
}

@book{Weske2012,
address={New York},
author={Mathias Weske},
title={Business Process Management: Concepts, Languages, Architectures},
publisher={Springer Heidelberg Dordrecht, London},
year={2012}
}

%-------------------%

@inproceedings{vieira2012,
address={Medellin},
author={Sérgio Roberto Costa Vieira and Tayana Conte and Rogério do Nascimento and
 Davi Viana},
title={Evaluating a technique for requirements extraction from Business Process Diagrams through empirical studies},
publisher={Conferencia Latinoamericana en Informatica},
year={2012}
}

@incollection{correia2015enhancing,
  title={Enhancing the Correctness of BPMN Models},
  author={Correia, Anacleto and e Abreu, Fernando Brito},
  booktitle={Improving Organizational Effectiveness with Enterprise Information Systems},
  pages={241--261},
  year={2015},
  publisher={IGI Global}
}



@misc{object2016business,
  title={Business Process Model and Notation, version 2.0, 2010},
  author={Object Management Group BPMN Technical Committee and others},
  year={2016}
}

@article{brito2010bancos,
  title={Bancos de dados NoSQL x SGBDs relacionais: an{\'a}lise comparativa},
  author={Brito, Ricardo W},
  journal={Faculdade Farias Brito e Universidade de Fortaleza},
  year={2010}
}

@article{toth2011abordagem,
  title={Abordagem NoSQL--uma real alternativa},
  author={Toth, Renato Molina},
  journal={Sorocaba, S{\~a}o Paulo, Brasil: Abril},
  volume={13},
  year={2011}
}

@book{vaish2013getting,
  title={Getting started with NoSQL},
  author={Vaish, Gaurav},
  year={2013},
  publisher={Packt Publishing Ltd}
}

@misc{brazil2011bpm,
  title={BPM CBOK V3. 0: Guia para o Gerenciamento de Processos de Neg{\'o}cio-Corpo Comum de Conhecimento, 3{\textordfeminine} edi{\c{c}}{\~a}o . ABPMP Brazil},
  author={Brazil, ABPMP},
  year={2011}
}

@article{chang2008bigtable,
  title={Bigtable: A distributed storage system for structured data},
  author={Chang, Fay and Dean, Jeffrey and Ghemawat, Sanjay and Hsieh, Wilson C and Wallach, Deborah A and Burrows, Mike and Chandra, Tushar and Fikes, Andrew and Gruber, Robert E},
  journal={ACM Transactions on Computer Systems (TOCS)},
  volume={26},
  number={2},
  pages={4},
  year={2008},
  publisher={ACM}
}

@book{banker2011mongodb,
  title={MongoDB in action},
  author={Banker, Kyle},
  year={2011},
  publisher={Manning Publications Co.}
}

@inproceedings{sivasubramanian2012amazon,
  title={Amazon dynamoDB: a seamlessly scalable non-relational database service},
  author={Sivasubramanian, Swaminathan},
  booktitle={Proceedings of the 2012 ACM SIGMOD International Conference on Management of Data},
  pages={729--730},
  year={2012},
  organization={ACM}
}

@article{cassandra2014apache,
  title={Apache cassandra},
  author={Cassandra, Apache},
  journal={Website. Available online at http://planetcassandra. org/what-is-apache-cassandra},
  pages={13},
  year={2014}
}

@misc{mysql2001mysql,
  title={MySQL},
  author={MySQL, AB},
  year={2001}
}

@article{carver2004impact,
  title={The impact of background and experience on software inspections},
  author={Carver, Jeff},
  journal={Empirical Software Engineering},
  volume={9},
  number={3},
  pages={259--262},
  year={2004},
  publisher={Springer}
}

@article{kitchenham1997desmet,
  title={DESMET: a methodology for evaluating software engineering methods and tools},
  author={Kitchenham, Barbara and Linkman, Stephen and Law, David},
  journal={Computing \& Control Engineering Journal},
  volume={8},
  number={3},
  pages={120--126},
  year={1997},
  publisher={IET}
}

@inproceedings{travassos2003contributions,
  title={Contributions of in virtuo and in silico experiments for the future of empirical studies in software engineering},
  author={Travassos, Guilherme Horta and Barros, M{\'a}rcio O},
  booktitle={2nd Workshop on Empirical Software Engineering the Future of Empirical Studies in Software Engineering},
  pages={117--130},
  year={2003}
}

@article{maldonado2006perspective,
  title={Perspective-based reading: a replicated experiment focused on individual reviewer effectiveness},
  author={Maldonado, Jos{\'e} C and Carver, Jeffrey and Shull, Forrest and Fabbri, Sandra and D{\'o}ria, Emerson and Martimiano, Luciana and Mendon{\c{c}}a, Manoel and Basili, Victor},
  journal={Empirical Software Engineering},
  volume={11},
  number={1},
  pages={119--142},
  year={2006},
  publisher={Springer}
}

@article{gruber1995toward,
  title={Toward principles for the design of ontologies used for knowledge sharing?},
  author={Gruber, Thomas R},
  journal={International journal of human-computer studies},
  volume={43},
  number={5-6},
  pages={907--928},
  year={1995},
  publisher={Elsevier}
}

@book{borst1997construction,
  title={Construction of engineering ontologies for knowledge sharing and reuse},
  author={Borst, Willem Nico},
  year={1997},
  publisher={Universiteit Twente}
}

@article{rautenberg2016processo,
  title={Processo de desenvolvimento de ontologias: uma proposta e uma ferramenta},
  author={Rautenberg, Sandro},
  journal={Revista Tecnologia},
  volume={30},
  number={1},
  pages={133--144},
  year={2016}
}

@article{dijkman2008semantics,
  title={Semantics and analysis of business process models in BPMN},
  author={Dijkman, Remco M and Dumas, Marlon and Ouyang, Chun},
  journal={Information and Software technology},
  volume={50},
  number={12},
  pages={1281--1294},
  year={2008},
  publisher={Elsevier}
}

@article{braghetto2011tecnicas,
  title={T{\'e}cnicas de modelagem para a an{\'a}lise de desempenho de processos de neg{\'o}cio},
  author={Braghetto, Kelly Rosa},
  journal={Instituto de Matem{\'a}tica e Estat{\'\i}stica da Universidade de S{\~a}o Paulo},
  year={2011}
}

@article{martins2017modeluiviz,
  title={ModelUIVIZ: uma proposta para o entendimento da interface do usu{\'a}rio utilizando t{\'e}cnicas de visualiza{\c{c}}{\~a}o de informa{\c{c}}{\~a}o},
  author={Martins, Livia Cristina Gabos},
  year={2017},
  publisher={Universidade Estadual Paulista (UNESP)}
}

@article{d2012avaliaccao,
  title={Avalia{\c{c}}{\~a}o da ferramenta de visualiza{\c{c}}{\~a}o de software SoftVisOAH como apoio {\`a} depura{\c{c}}{\~a}o de programas: um experimento controlado},
  author={D'Arce, {\'A}lvaro Ferraz},
  year={2012},
  publisher={Universidade Estadual Paulista (UNESP)}
}

@inproceedings{mendoncca2008framework,
  title={A framework for software engineering experimental replications},
  author={Mendon{\c{c}}a, Manoel G and Maldonado, Jos{\'e} C and De Oliveira, Maria CF and Carver, Jeffrey and Fabbri, Sandra CPF and Shull, Forrest and Travassos, Guilherme H and H{\"o}hn, Erika Nina and Basili, Victor R},
  booktitle={Engineering of Complex Computer Systems, 2008. ICECCS 2008. 13th IEEE International Conference on},
  pages={203--212},
  year={2008},
  organization={IEEE}
}



@phdthesis{russell2007foundations,
  title={Foundations of process-aware information systems},
  author={Russell, Nicholas Charles},
  year={2007},
  school={Queensland University of Technology}
}

@article{curtis1992process,
  title={Process modeling},
  author={Curtis, Bill and Kellner, Marc I and Over, Jim},
  journal={Communications of the ACM},
  volume={35},
  number={9},
  pages={75--90},
  year={1992},
  publisher={ACM}
}

@incollection{becker2000guidelines,
  title={Guidelines of business process modeling},
  author={Becker, J{\"o}rg and Rosemann, Michael and Von Uthmann, Christoph},
  booktitle={Business Process Management},
  pages={30--49},
  year={2000},
  publisher={Springer}
}